@book{DBLP:books/daglib/0016830,
  author    = {Steven M. LaValle},
  title     = {Planning algorithms},
  publisher = {Cambridge University Press},
  year      = {2006},
  isbn      = {978-0-521-86205-9},
  timestamp = {Thu, 24 Mar 2011 18:59:40 +0100},
}

@article{KavrakiSLO96,
  author    = {Lydia E. Kavraki and
               Petr Svestka and
               Jean{-}Claude Latombe and
               Mark H. Overmars},
  title     = {Probabilistic roadmaps for path planning in high-dimensional configuration
               spaces},
  journal   = {{IEEE} T. Robotics and Automation},
  volume    = {12},
  number    = {4},
  pages     = {566--580},
  year      = {1996},
  url       = {http://dx.doi.org/10.1109/70.508439},
  doi       = {10.1109/70.508439},
}

@inproceedings{VahrenkampBAKD09,
  author    = {Nikolaus Vahrenkamp and
               Dmitry Berenson and
               Tamim Asfour and
               James Kuffner and
               R{\"{u}}diger Dillmann},
  title     = {Humanoid motion planning for dual-arm manipulation and re-grasping
               tasks},
  booktitle = {2009 {IEEE/RSJ} International Conference on Intelligent Robots and
               Systems, October 11-15, 2009, St. Louis, MO, {USA}},
  pages     = {2464--2470},
  year      = {2009},
  url       = {http://dx.doi.org/10.1109/IROS.2009.5354625},
  doi       = {10.1109/IROS.2009.5354625},
}

@article{sucan2012the-open-motion-planning-library,
    Author = {Ioan A. {\c{S}}ucan and Mark Moll and Lydia E. Kavraki},
    Doi = {10.1109/MRA.2012.2205651},
    Journal = {{IEEE} Robotics \& Automation Magazine},
    Month = {December},
    Number = {4},
    Pages = {72--82},
    Title = {The {O}pen {M}otion {P}lanning {L}ibrary},
    Note = {\url{http://ompl.kavrakilab.org}},
    Volume = {19},
    Year = {2012}
}

