@book{DBLP:books/daglib/0016830,
  author    = {Steven M. LaValle},
  title     = {Planning algorithms},
  publisher = {Cambridge University Press},
  year      = {2006},
  isbn      = {978-0-521-86205-9},
  timestamp = {Thu, 24 Mar 2011 18:59:40 +0100},
}

@article{KavrakiSLO96,
  author    = {Lydia E. Kavraki and
               Petr Svestka and
               Jean{-}Claude Latombe and
               Mark H. Overmars},
  title     = {Probabilistic roadmaps for path planning in high-dimensional configuration
               spaces},
  journal   = {{IEEE} T. Robotics and Automation},
  volume    = {12},
  number    = {4},
  pages     = {566--580},
  year      = {1996},
  url       = {http://dx.doi.org/10.1109/70.508439},
  doi       = {10.1109/70.508439},
}

@inproceedings{VahrenkampBAKD09,
  author    = {Nikolaus Vahrenkamp and
               Dmitry Berenson and
               Tamim Asfour and
               James Kuffner and
               R{\"{u}}diger Dillmann},
  title     = {Humanoid motion planning for dual-arm manipulation and re-grasping
               tasks},
  booktitle = {2009 {IEEE/RSJ} International Conference on Intelligent Robots and
               Systems, October 11-15, 2009, St. Louis, MO, {USA}},
  pages     = {2464--2470},
  year      = {2009},
  url       = {http://dx.doi.org/10.1109/IROS.2009.5354625},
  doi       = {10.1109/IROS.2009.5354625},
}

@article{sucan2012the-open-motion-planning-library,
    Author = {Ioan A. {\c{S}}ucan and Mark Moll and Lydia E. Kavraki},
    Doi = {10.1109/MRA.2012.2205651},
    Journal = {{IEEE} Robotics \& Automation Magazine},
    Month = {December},
    Number = {4},
    Pages = {72--82},
    Title = {The {O}pen {M}otion {P}lanning {L}ibrary},
    Note = {\url{http://ompl.kavrakilab.org}},
    Volume = {19},
    Year = {2012}
}

@ARTICLE{6016596, 
author={null}, 
journal={IEEE Robotics Automation Magazine}, 
title={Robotic Surgery}, 
year={2011}, 
volume={18}, 
number={3}, 
pages={24-32}, 
keywords={medical robotics;mobile robots;patient rehabilitation;surgery;telerobotics;autonomous robotic system;control system;formal method;medical robotics;property verification;rehabilitation robotics;robot-assisted surgery;robotic assistive systems;robotic surgery;telesurgery;Medical services;Medical treatment;Mobile robots;Robot control;Surgery;Telerobotics}, 
doi={10.1109/MRA.2011.942112}, 
ISSN={1070-9932}, 
month={Sept},}

@Inbook{Alur1993,
author="Alur, Rajeev
and Courcoubetis, Costas
and Henzinger, Thomas A.
and Ho, Pei -Hsin",
chapter="Hybrid automata: An algorithmic approach to the specification and verification of hybrid systems",
title="Hybrid Systems",
year="1993",
publisher="Springer Berlin Heidelberg",
address="Berlin, Heidelberg",
pages="209--229",
isbn="978-3-540-48060-0",
doi="10.1007/3-540-57318-6_30",
url="http://dx.doi.org/10.1007/3-540-57318-6_30"
}

@inproceedings{Henzinger:1995:WDH:225058.225162,
 author = {Henzinger, Thomas A. and Kopke, Peter W. and Puri, Anuj and Varaiya, Pravin},
 title = {What's Decidable About Hybrid Automata?},
 booktitle = {Proceedings of the Twenty-seventh Annual ACM Symposium on Theory of Computing},
 series = {STOC '95},
 year = {1995},
 isbn = {0-89791-718-9},
 location = {Las Vegas, Nevada, USA},
 pages = {373--382},
 numpages = {10},
 url = {http://doi.acm.org/10.1145/225058.225162},
 doi = {10.1145/225058.225162},
 acmid = {225162},
 publisher = {ACM},
 address = {New York, NY, USA},
} 

@ARTICLE{HKG2009, 
author={H. Kress-Gazit and G. E. Fainekos and G. J. Pappas}, 
journal={IEEE Transactions on Robotics}, 
title={Temporal-Logic-Based Reactive Mission and Motion Planning}, 
year={2009}, 
volume={25}, 
number={6}, 
pages={1370-1381}, 
keywords={decentralised control;discrete systems;path planning;robots;temporal logic;discrete controllers;linear temporal logic;multirobot specifications;robot model;sensor-based temporal-logic-motion planning;task specifications;temporal-logic-based reactive mission;Controller synthesis;hybrid control;motion planning;sensor-based planning;temporal logic}, 
doi={10.1109/TRO.2009.2030225}, 
ISSN={1552-3098}, 
month={Dec},}

@ARTICLE{Belta2008, 
author={M. Kloetzer and C. Belta}, 
journal={IEEE Transactions on Automatic Control}, 
title={A Fully Automated Framework for Control of Linear Systems from Temporal Logic Specifications}, 
year={2008}, 
volume={53}, 
number={1}, 
pages={287-297}, 
keywords={closed loop systems;feedback;formal specification;linear systems;temporal logic;LTL;closed loop system;feedback control law;linear system control;linear temporal logic;polyhedral bounds;temporal logic specifications;Automatic control;Closed loop systems;Control systems;Digital circuits;Feedback control;Linear systems;Logic circuits;Modeling;Natural languages;State-space methods;Control;model checking;temporal logic;transition systems}, 
doi={10.1109/TAC.2007.914952}, 
ISSN={0018-9286}, 
month={Feb},}

@ARTICLE{Bhatia2011, 
author={A. Bhatia and M. R. Maly and L. E. Kavraki and M. Y. Vardi}, 
journal={IEEE Robotics Automation Magazine}, 
title={Motion Planning with Complex Goals}, 
year={2011}, 
volume={18}, 
number={3}, 
pages={55-64}, 
keywords={collision avoidance;differential equations;mobile robots;collision avoidance;differential equations;mobile robots;motion planning;obstacle avoidance;Collision avoidance;Motion planning;Problem-solving}, 
doi={10.1109/MRA.2011.942115}, 
ISSN={1070-9932}, 
month={Sept},}

@INPROCEEDINGS{Dornhege2009, 
author={C. Dornhege and M. Gissler and M. Teschner and B. Nebel}, 
booktitle={Safety, Security Rescue Robotics (SSRR), 2009 IEEE International Workshop on}, 
title={Integrating symbolic and geometric planning for mobile manipulation}, 
year={2009}, 
pages={1-6}, 
keywords={dexterous manipulators;mobile robots;Disaster City;NIST response robot evaluation;geometric planning;manipulator dexterity test scenario;mobile manipulation;probabilistic roadmap planner;symbolic planning;Cities and towns;Computer science;Control systems;Layout;Manipulators;Mobile computing;NIST;Orbital robotics;Robot kinematics;Testing;manipulation planning;mobile manipulation;symbolic planning}, 
doi={10.1109/SSRR.2009.5424160}, 
month={Nov},}

@INPROCEEDINGS{Erdem2011, 
author={E. Erdem and K. Haspalamutgil and C. Palaz and V. Patoglu and T. Uras}, 
booktitle={Robotics and Automation (ICRA), 2011 IEEE International Conference on}, 
title={Combining high-level causal reasoning with low-level geometric reasoning and motion planning for robotic manipulation}, 
year={2011}, 
pages={4575-4581}, 
keywords={C++ language;cause-effect analysis;control engineering computing;manipulator kinematics;path planning;spatial reasoning;C++ programming language;action domain;bilateral interaction;causal calculator;causality-based high-level formalism;geometric planning;high-level causal reasoning;kinematic relations;low-level geometric reasoning;motion planning;optimal task-plan;planning problem;robotic manipulation;state-transition constraint;task-level problem;Cognition;Collision avoidance;Kinematics;Payloads;Planning;Robots;Trajectory}, 
doi={10.1109/ICRA.2011.5980160}, 
ISSN={1050-4729}, 
month={May},}

@inproceedings{Tom2014,
  author    = {Tom{\'{a}}s Lozano{-}P{\'{e}}rez and
               Leslie Pack Kaelbling},
  title     = {A constraint-based method for solving sequential manipulation planning
               problems},
  booktitle = {2014 {IEEE/RSJ} International Conference on Intelligent Robots and
               Systems, Chicago, IL, USA, September 14-18, 2014},
  pages     = {3684--3691},
  year      = {2014},

  url       = {http://dx.doi.org/10.1109/IROS.2014.6943079},
  doi       = {10.1109/IROS.2014.6943079},
  timestamp = {Thu, 13 Nov 2014 14:41:42 +0100},
  biburl    = {http://dblp.uni-trier.de/rec/bib/conf/iros/Lozano-PerezK14},
  bibsource = {dblp computer science bibliography, http://dblp.org}
}

@INPROCEEDINGS{Srivastava2014, 
author={S. Srivastava and E. Fang and L. Riano and R. Chitnis and S. Russell and P. Abbeel}, 
booktitle={Robotics and Automation (ICRA), 2014 IEEE International Conference on}, 
title={Combined task and motion planning through an extensible planner-independent interface layer}, 
year={2014}, 
pages={639-646}, 
keywords={path planning;PR2 robot;cluttered environments;extensible planner-independent interface layer;motion planners;motion planning algorithms;off-the-shelf task planners;picking objects;robotics simulator;task planning;tray;Generators;Grasping;Grippers;Indexes;Planning;Robots;Trajectory}, 
doi={10.1109/ICRA.2014.6906922}, 
month={May},}

@ARTICLE{Wongpiromsarn, 
author={T. Wongpiromsarn and U. Topcu and R. M. Murray}, 
journal={IEEE Transactions on Automatic Control}, 
title={Receding Horizon Temporal Logic Planning}, 
year={2012}, 
volume={57}, 
number={11}, 
pages={2817-2830}, 
keywords={control engineering computing;embedded systems;formal specification;temporal logic;LTL specifications;LTL synthesis;automatic synthesis;computational complexity;continuous controller;embedded control software;failure handling;goal generator;linear temporal logic;receding horizon temporal logic planning;system specification;system-level temporal properties;trajectory generation problem;trajectory planner;Automata;Computational modeling;Protocols;Trajectory;Vehicle dynamics;Vehicles;Autonomous systems;control architecture;linear temporal logic (LTL);receding horizon control}, 
doi={10.1109/TAC.2012.2195811}, 
ISSN={0018-9286}, 
month={Nov},}

@inproceedings{Maly,
 author = {Maly, Matthew R. and Lahijanian, Morteza and Kavraki, Lydia E. and Kress-Gazit, Hadas and Vardi, Moshe Y.},
 title = {Iterative Temporal Motion Planning for Hybrid Systems in Partially Unknown Environments},
 booktitle = {Proceedings of the 16th International Conference on Hybrid Systems: Computation and Control},
 series = {HSCC '13},
 year = {2013},
 isbn = {978-1-4503-1567-8},
 location = {Philadelphia, Pennsylvania, USA},
 pages = {353--362},
 numpages = {10},
 url = {http://doi.acm.org/10.1145/2461328.2461380},
 doi = {10.1145/2461328.2461380},
 acmid = {2461380},
 publisher = {ACM},
 address = {New York, NY, USA},
 keywords = {formal synthesis, motion planning, temporal logic},
} 

@INPROCEEDINGS{Vasile, 
author={C. I. Vasile and C. Belta}, 
booktitle={Intelligent Robots and Systems (IROS), 2013 IEEE/RSJ International Conference on}, 
title={Sampling-based temporal logic path planning}, 
year={2013}, 
pages={4817-4822}, 
keywords={computational complexity;graph theory;iterative methods;path planning;robots;temporal logic;LTL formula;complexity;infinite path finding;iteration scale;linear temporal logic;probabilistically complete algorithm;sampling-based motion planning algorithm;sampling-based temporal logic path planning;sparse graph;Automata;Complexity theory;Ear;Model checking;Probabilistic logic;Trajectory}, 
doi={10.1109/IROS.2013.6697051}, 
ISSN={2153-0858}, 
month={Nov},}

@article{CambonAG09,
  author    = {St{\'{e}}phane Cambon and
               Rachid Alami and
               Fabien Gravot},
  title     = {A Hybrid Approach to Intricate Motion, Manipulation and Task Planning},
  journal   = {I. J. Robotic Res.},
  volume    = {28},
  number    = {1},
  pages     = {104--126},
  year      = {2009},
  url       = {http://dx.doi.org/10.1177/0278364908097884},
  doi       = {10.1177/0278364908097884},
  timestamp = {Tue, 29 Sep 2009 12:21:44 +0200},
  biburl    = {http://dblp.uni-trier.de/rec/bib/journals/ijrr/CambonAG09},
  bibsource = {dblp computer science bibliography, http://dblp.org}
}

@inproceedings{KaelblingL11,
  author    = {Leslie Pack Kaelbling and
               Tom{\'{a}}s Lozano{-}P{\'{e}}rez},
  title     = {Hierarchical task and motion planning in the now},
  booktitle = {{IEEE} International Conference on Robotics and Automation, {ICRA}
               2011, Shanghai, China, 9-13 May 2011},
  pages     = {1470--1477},
  year      = {2011},
  url       = {http://dx.doi.org/10.1109/ICRA.2011.5980391},
  doi       = {10.1109/ICRA.2011.5980391},
  timestamp = {Wed, 17 Aug 2011 13:03:09 +0200},
  biburl    = {http://dblp.uni-trier.de/rec/bib/conf/icra/KaelblingL11},
  bibsource = {dblp computer science bibliography, http://dblp.org}
}

@inproceedings{PlakuH10,
  author    = {Erion Plaku and
               Gregory D. Hager},
  title     = {Sampling-Based Motion and Symbolic Action Planning with geometric
               and differential constraints},
  booktitle = {{IEEE} International Conference on Robotics and Automation, {ICRA}
               2010, Anchorage, Alaska, USA, 3-7 May 2010},
  pages     = {5002--5008},
  year      = {2010},
  url       = {http://dx.doi.org/10.1109/ROBOT.2010.5509563},
  doi       = {10.1109/ROBOT.2010.5509563},
  timestamp = {Thu, 26 Aug 2010 06:01:48 +0200},
  biburl    = {http://dblp.uni-trier.de/rec/bib/conf/icra/PlakuH10},
  bibsource = {dblp computer science bibliography, http://dblp.org}
}

@book{Nau,
 author = {Nau, Dana and Ghallab, Malik and Traverso, Paolo},
 title = {Automated Planning: Theory \& Practice},
 year = {2004},
 isbn = {1558608567},
 publisher = {Morgan Kaufmann Publishers Inc.},
 address = {San Francisco, CA, USA},
} 


@article{Hoffmann01,
  author    = {J{\"{o}}rg Hoffmann},
  title     = {{FF:} The Fast-Forward Planning System},
  journal   = {{AI} Magazine},
  volume    = {22},
  number    = {3},
  pages     = {57--62},
  year      = {2001},
  url       = {http://www.aaai.org/ojs/index.php/aimagazine/article/view/1572},
  timestamp = {Thu, 31 Jul 2014 11:17:15 +0200},
  biburl    = {http://dblp.uni-trier.de/rec/bib/journals/aim/Hoffmann01},
  bibsource = {dblp computer science bibliography, http://dblp.org}
}

@article{ChenDSB12,
  author    = {Yushan Chen and
               Xu Chu Ding and
               Alin Stefanescu and
               Calin Belta},
  title     = {Formal Approach to the Deployment of Distributed Robotic Teams},
  journal   = {{IEEE} Transactions on Robotics},
  volume    = {28},
  number    = {1},
  pages     = {158--171},
  year      = {2012},
  url       = {http://dx.doi.org/10.1109/TRO.2011.2163434},
  doi       = {10.1109/TRO.2011.2163434},
  timestamp = {Tue, 07 Feb 2012 13:48:22 +0100},
  biburl    = {http://dblp.uni-trier.de/rec/bib/journals/trob/ChenDSB12},
  bibsource = {dblp computer science bibliography, http://dblp.org}
}

@inproceedings{KaramanF08,
  author    = {Sertac Karaman and
               Emilio Frazzoli},
  title     = {Vehicle Routing Problem with Metric Temporal Logic Specifications},
  booktitle = {Proceedings of the 47th {IEEE} Conference on Decision and Control,
               {CDC} 2008, December 9-11, 2008, Canc{\'{u}}n, M{\'{e}}xico},
  pages     = {3953--3958},
  year      = {2008},
  url       = {http://dx.doi.org/10.1109/CDC.2008.4739366},
  doi       = {10.1109/CDC.2008.4739366},
  timestamp = {Thu, 18 Feb 2016 13:54:35 +0100},
  biburl    = {http://dblp.uni-trier.de/rec/bib/conf/cdc/KaramanF08},
  bibsource = {dblp computer science bibliography, http://dblp.org}
}

@inproceedings{GuoTD14,
  author    = {Meng Guo and
               Jana Tumova and
               Dimos V. Dimarogonas},
  title     = {Cooperative decentralized multi-agent control under local {LTL} tasks
               and connectivity constraints},
  booktitle = {53rd {IEEE} Conference on Decision and Control, {CDC} 2014, Los Angeles,
               CA, USA, December 15-17, 2014},
  pages     = {75--80},
  year      = {2014},
  url       = {http://dx.doi.org/10.1109/CDC.2014.7039362},
  doi       = {10.1109/CDC.2014.7039362},
  timestamp = {Wed, 18 Feb 2015 19:58:52 +0100},
  biburl    = {http://dblp.uni-trier.de/rec/bib/conf/cdc/GuoTD14},
  bibsource = {dblp computer science bibliography, http://dblp.org}
}

@inproceedings{VasileB14,
  author    = {Cristian Ioan Vasile and
               Calin Belta},
  title     = {An Automata-Theoretic Approach to the Vehicle Routing Problem},
  booktitle = {Robotics: Science and Systems X, University of California, Berkeley,
               USA, July 12-16, 2014},
  year      = {2014},
  url       = {http://www.roboticsproceedings.org/rss10/p45.html},
  timestamp = {Mon, 13 Jul 2015 12:31:03 +0200},
  biburl    = {http://dblp.uni-trier.de/rec/bib/conf/rss/VasileB14},
  bibsource = {dblp computer science bibliography, http://dblp.org}
}

@inproceedings{Diaz-MercadoJBE15,
  author    = {Yancy Diaz{-}Mercado and
               Austin Jones and
               Calin Belta and
               Magnus Egerstedt},
  title     = {Correct-by-construction control synthesis for multi-robot mixing},
  booktitle = {54th {IEEE} Conference on Decision and Control, {CDC} 2015, Osaka,
               Japan, December 15-18, 2015},
  pages     = {221--226},
  year      = {2015},
  url       = {http://dx.doi.org/10.1109/CDC.2015.7402112},
  doi       = {10.1109/CDC.2015.7402112},
  timestamp = {Thu, 18 Feb 2016 19:33:11 +0100},
  biburl    = {http://dblp.uni-trier.de/rec/bib/conf/cdc/Diaz-MercadoJBE15},
  bibsource = {dblp computer science bibliography, http://dblp.org}
}

@inproceedings{HeLKV15,
  author    = {Keliang He and
               Morteza Lahijanian and
               Lydia E. Kavraki and
               Moshe Y. Vardi},
  title     = {Towards manipulation planning with temporal logic specifications},
  booktitle = {{IEEE} International Conference on Robotics and Automation, {ICRA}
               2015, Seattle, WA, USA, 26-30 May, 2015},
  pages     = {346--352},
  year      = {2015},
  url       = {http://dx.doi.org/10.1109/ICRA.2015.7139022},
  doi       = {10.1109/ICRA.2015.7139022},
  timestamp = {Mon, 13 Jul 2015 16:39:42 +0200},
  biburl    = {http://dblp.uni-trier.de/rec/bib/conf/icra/HeLKV15},
  bibsource = {dblp computer science bibliography, http://dblp.org}
}

@inproceedings{rehseGDCRLRGDM11,
  author    = {Goran Frehse and
               Colas Le Guernic and
               Alexandre Donz{\'{e}} and
               Scott Cotton and
               Rajarshi Ray and
               Olivier Lebeltel and
               Rodolfo Ripado and
               Antoine Girard and
               Thao Dang and
               Oded Maler},
  title     = {SpaceEx: Scalable Verification of Hybrid Systems},
  booktitle = {Computer Aided Verification - 23rd International Conference, {CAV}
               2011, Snowbird, UT, USA, July 14-20, 2011. Proceedings},
  pages     = {379--395},
  year      = {2011},
  url       = {http://dx.doi.org/10.1007/978-3-642-22110-1_30},
  doi       = {10.1007/978-3-642-22110-1_30},
  timestamp = {Mon, 11 Jul 2011 13:24:02 +0200},
  }

@inproceedings{moveit,
author    = {Ioan A. Sucan and Sachin Chitta}, 
title     = {“MoveIt!”, [Online] Available: http://moveit.ros.org}
}

@inproceedings{Olson11,
  author    = {Edwin Olson},
  title     = {\href{http://dx.doi.org/10.1109/ICRA.2011.5979561}{AprilTag: {A} robust and flexible visual fiducial system}},
  booktitle = {{IEEE} International Conference on Robotics and Automation, {ICRA}
               2011, Shanghai, China, 9-13 May 2011},
  pages     = {3400--3407},
  year      = {2011},
  doi       = {10.1109/ICRA.2011.5979561},
}

@Inbook{Chen2013,
	author="Chen, Xin and {\'A}brah{\'a}m, Erika and Sankaranarayanan, Sriram",
	editor="Sharygina, Natasha and Veith, Helmut",
	chapter="Flow*: An Analyzer for Non-linear Hybrid Systems",
	title="Computer Aided Verification: 25th International Conference, CAV 2013, Saint Petersburg, Russia, July 13-19, 2013. Proceedings",
	year="2013",
	publisher="Springer Berlin Heidelberg",
	address="Berlin, Heidelberg",
	pages="258--263", isbn="978-3-642-39799-8", 
	doi="10.1007/978-3-642-39799-8_18", 
	url="http://dx.doi.org/10.1007/978-3-642-39799-8_18"
}

@book{Corke11a,
	Author = {Peter I. Corke},
	ISBN = {978-3-642-20143-1},
	Publisher = {Springer},
	Title = {Robotics, Vision \& Control: Fundamental Algorithms in Matlab},
	Year = {2011}
}


@inproceedings{KuffnerL00,
  author    = {James J. Kuffner Jr. and
               Steven M. LaValle},
  title     = {\href{http://dx.doi.org/10.1109/ROBOT.2000.844730}{RRT-Connect: An Efficient Approach to Single-Query Path Planning}},
  booktitle = {Proceedings of the 2000 {IEEE} International Conference on Robotics
               and Automation, {ICRA} 2000, April 24-28, 2000, San Francisco, CA,
               {USA}},
  pages     = {995--1001},
  year      = {2000},
  doi       = {10.1109/ROBOT.2000.844730},
}

@misc{vsparc,
 title = {{VSPARC}},
  howpublished = {\url{http://vsparc.org}},
}

